<record><leader>00000cas a22000007a 4500</leader><controlfield tag="001">12020133</controlfield><controlfield tag="008">850510d187u1872aluwr ne      0    0eng d</controlfield><datafield ind1=" " ind2=" " tag="010"><subfield code="a">sn 85044560 </subfield></datafield><datafield ind1=" " ind2=" " tag="040"><subfield code="a">CPN</subfield><subfield code="b">eng</subfield><subfield code="c">CPN</subfield><subfield code="d">OCLCQ</subfield></datafield><datafield ind1=" " ind2=" " tag="042"><subfield code="a">msc</subfield></datafield><datafield ind1="0" ind2="4" tag="245"><subfield code="a">The Herald and times.</subfield></datafield><datafield ind1=" " ind2=" " tag="260"><subfield code="a">Union Springs, Ala. :</subfield><subfield code="b">T.T. Crew &amp; Co.</subfield></datafield><datafield ind1=" " ind2=" " tag="300"><subfield code="a">v. ;</subfield><subfield code="c">60-65 cm.</subfield></datafield><datafield ind1=" " ind2=" " tag="310"><subfield code="a">Weekly</subfield></datafield><datafield ind1="0" ind2=" " tag="362"><subfield code="a">Herald vol. 1 no. 1 (Jan. 25, 1871)-Herald v. 2, no. 30 (May 8, 1872) = Times v. 5, no. 42-v. 7, no. 3.</subfield></datafield><datafield ind1=" " ind2=" " tag="752"><subfield code="a">United States</subfield><subfield code="b">Alabama</subfield><subfield code="c">Bullock</subfield><subfield code="d">Union Springs.</subfield></datafield><datafield ind1="0" ind2="1" tag="780"><subfield code="t">Union Springs times</subfield><subfield code="w">(DLC)sn 84023615</subfield></datafield><datafield ind1="0" ind2="0" tag="785"><subfield code="t">Union Springs herald and times</subfield><subfield code="w">(DLC)sn 85033112</subfield></datafield></record>